% This file was created with JabRef 2.10b2.
% Encoding: Cp1252
@article{P29,
title = "Human Motion Analysis: A Review",
journal = "Computer Vision and Image Understanding",
volume = "73",
number = "3",
pages = "428 - 440",
year = "1999",
issn = "1077-3142",
doi = "https://doi.org/10.1006/cviu.1998.0744",
url = "http://www.sciencedirect.com/science/article/pii/S1077314298907445",
author = "J.K. Aggarwal and Q. Cai"
}

@Misc{ART,
  Title                    = {Markers},

  Author                   = {{Advanced Realtime Tracking}},
  HowPublished             = {\url{https://ar-tracking.com/products/markers-targets/markers/}},
  Year                     = {Zuletzt besucht am 10.02.2018}
}

@BOOK{Sys2,
  AUTHOR       = "Ascheid, Gerd and Meyr, Heinrich",
  TITLE        = "Systemtheorie II",
  PUBLISHER    = "ISS RWTH Aachen",
  YEAR         = "2014"
}

@article{P25,
  title={Position trackers for Head Mounted Display systems: A survey},
  author={Bhatnagar, Devesh Kumar},
  journal={University of North Carolina, Chapel Hill TR93},
  volume={10},
  year={1993}
}

@ARTICLE{P7,
author={F. Bianchi and S. J. Redmond and M. R. Narayanan and S. Cerutti and N. H. Lovell},
journal={IEEE Transactions on Neural Systems and Rehabilitation Engineering},
title={Barometric Pressure and Triaxial Accelerometry-Based Falls Event Detection},
year={2010},
volume={18},
number={6},
pages={619-627},
keywords={acceleration measurement;accelerometers;atmospheric pressure;biomedical measurement;decision trees;geriatrics;height measurement;medical diagnostic computing;pressure measurement;pressure sensors;age 23.7 yr;air pressure data;altitude measurement;barometric pressure sensor;disability;elderly population;fall event detection;gyroscope-based falls detection devices;health care utilization;heuristically trained decision tree classifier;indoor environment;injuries;morbidity;prognoses;triaxial accelerometry;wearable accelerometry;Acceleration;Accelerometers;Classification algorithms;Event detection;Geriatrics;Legged locomotion;Wearable sensors;Accelerometer;ambulatory monitoring;barometric pressure;fall;fall detection;Acceleration;Accidental Falls;Activities of Daily Living;Air Pressure;Algorithms;Analog-Digital Conversion;Automatic Data Processing;Decision Trees;Equipment Design;False Negative Reactions;False Positive Reactions;Female;Humans;Male;Monitoring, Ambulatory;Young Adult},
doi={10.1109/TNSRE.2010.2070807},
ISSN={1534-4320},
month={Dec},
}

@article{P24,
  title={Tracking: Beyond 15 minutes of thought},
  author={Bishop, Gary and Welch, Greg and Allen, B Danette},
  journal={SIGGRAPH Course Pack},
  volume={11},
  year={2001},
  publisher={Citeseer}
}

@book{vr,
  title={Virtual reality technology},
  author={Burdea, Grigore C and Coiffet, Philippe},
  volume={1},
  year={2003},
  publisher={John Wiley \& Sons}
}

@article{occlusion,
  title={Camera placement considering occlusion for robust motion capture},
  author={Chen, Xing and Davis, James},
  journal={Computer Graphics Laboratory, Stanford University, Tech. Rep},
  volume={2},
  number={2.2},
  year={2000}
}

@inproceedings{P30,
 author = {Foxlin, Eric and Harrington, Michael and Pfeifer, George},
 title = {Constellation: A Wide-range Wireless Motion-tracking System for Augmented Reality and Virtual Set Applications},
 booktitle = {Proceedings of the 25th Annual Conference on Computer Graphics and Interactive Techniques},
 series = {SIGGRAPH '98},
 year = {1998},
 isbn = {0-89791-999-8},
 pages = {371--378},
 numpages = {8},
 url = {http://doi.acm.org/10.1145/280814.280937},
 doi = {10.1145/280814.280937},
 acmid = {280937},
 publisher = {ACM},
 address = {New York, NY, USA},
 keywords = {accuracy, augmented reality, inertial ultrasonic, kalman filtering, latency, motion tracking, sensor fusion, virtual sets},
}

@article{P28,
title = "Postural control in Parkinson's disease",
journal = "Brazilian Journal of Otorhinolaryngology",
volume = "80",
number = "6",
pages = "508 - 514",
year = "2014",
issn = "1808-8694",
doi = "https://doi.org/10.1016/j.bjorl.2014.05.032",
url = "http://www.sciencedirect.com/science/article/pii/S1808869414000500",
author = "Jackeline Yumi Fukunaga and Rafaela Maia Quitschal and FlÃ¡via DonÃ¡ and Henrique Ballalai Ferraz and MaurÃ­cio Malavasi GananÃ§a and HeloÃ­sa Helena Caovilla",
keywords = "Parkinson disease, Postural balance, Vestibular function tests, DoenÃ§a de Parkinson, EquilÃ­brio postural, Testes de funÃ§Ã£o vestibular"
}

@ARTICLE{P4,
author={Q. Gan and C. J. Harris},
journal={IEEE Transactions on Aerospace and Electronic Systems},
title={Comparison of two measurement fusion methods for Kalman-filter-based multisensor data fusion},
year={2001},
volume={37},
number={1},
pages={273-279},
keywords={Kalman filters;covariance matrices;least mean squares methods;sensor fusion;state estimation;tracking;Kalman-filter;data fusion;fused state estimate covariances;measurement fusion methods;measurement matrices;minimum-mean-square-error criterion;multisensor data fusion;noise characteristics;simulation results;state estimation;Aerodynamics;Computational efficiency;Computational modeling;Covariance matrix;Current measurement;Noise measurement;Sensor fusion;Sensor phenomena and characterization;State estimation;Target tracking},
doi={10.1109/7.913685},
ISSN={0018-9251},
month={Jan},
}

@book{P32,
  title={Principles of GNSS, inertial, and multisensor integrated navigation systems},
  author={Groves, Paul D},
  year={2013},
  publisher={Artech house}
}

@book{optsys2,
  title={Methoden der Computeranimation},
  author={Jack{\`e}l, D. and Neunreither, S. and Wagner, F.},
  isbn={9783540334071},
  series={eXamen.press},
  year={2006},
  publisher={Springer Berlin Heidelberg}
}

@inproceedings{P3,
  title={A new extension of the Kalman filter to nonlinear systems},
  author={Julier, Simon J and Uhlmann, Jeffrey K},
  booktitle={Int. symp. aerospace/defense sensing, simul. and controls},
  volume={3},
  number={26},
  pages={182--193},
  year={1997},
  organization={Orlando, FL}
}

@article{kalman,
  title={A new approach to linear filtering and prediction problems},
  author={Kalman, Rudolph Emil},
  journal={Journal of basic Engineering},
  volume={82},
  number={1},
  pages={35--45},
  year={1960},
  publisher={American Society of Mechanical Engineers}
}

@article {P22,
author = "Kim, Saim and Brendle, Christian and Lee, Hyun-Young and Walter, Marian and Gloeggler, Sigrid and Krueger, Stefan and Leonhardt, Steffen",
title = "Evaluation of a 433 MHz Band Body Sensor Network for Biomedical Applications",
journal = "Sensors",
parent_itemid = "infobike://doaj/14248220",
publishercode ="doaj",
year = "2013",
volume = "13",
number = "1",
date ="2013-01-01T00:00:00",
pages = "898-917",
itemtype = "ARTICLE",
issn = "1424-8220",
url = "http://www.ingentaconnect.com/content/doaj/14248220/2013/00000013/00000001/art00051",
doi = "doi:10.3390/s130100898",
abstract = "Body sensor networks (BSN) are an important research topic due to various advantages over conventional measurement equipment. One main advantage is the feasibility to deploy a BSN system for 24/7 health monitoring applications. The requirements for such an application are miniaturization of the network nodes and the use of wireless data transmission technologies to ensure wearability and ease of use. Therefore, the reliability of such a system depends on the quality of the wireless data transmission. At present, most BSNs use ZigBee or other IEEE 802.15.4 based transmission technologies. Here, we evaluated the performance of a wireless transmission system of a novel BSN for biomedical applications in the 433MHz ISM band, called Integrated Posture and Activity NEtwork by Medit Aachen (IPANEMA) BSN. The 433MHz ISM band is used mostly by implanted sensors and thus allows easy integration of such into the BSN. Multiple measurement scenarios have been assessed, including varying antenna orientations, transmission distances and the number of network participants. The mean packet loss rate (PLR) was 0.63% for a single slave, which is comparable to IEEE 802.15.4 BSNs in the proximity of Bluetooth orWiFi networks. Secondly, an enhanced version is evaluated during on-body measurements with five slaves. The mean PLR results show a comparable good performance for measurements on a treadmill (2.5%), an outdoor track (3.4%) and in a climate chamber (1.5%).",
}

@INPROCEEDINGS{P21,
author={Kim, Saim and Pistor, Moritz and Walter, Marian and Leonhardt, Steffen},
title={Development of a Body Sensor Network in the 433MHz Base Band for Medical Signal Aquisition},
booktitle={Proceedings of the 13th International Student Conference on Electrical Engineering POSTER},
year={2009},
month={May},
day={21},
}

@INPROCEEDINGS{P9,
author={W. Lu and C. Wang and M. C. Stevens and S. J. Redmond and N. H. Lovell},
booktitle={2016 38th Annual International Conference of the IEEE Engineering in Medicine and Biology Society (EMBC)},
title={Low-power operation of a barometric pressure sensor for use in an automatic fall detector},
year={2016},
volume={},
number={},
pages={2010-2013},
keywords={barometers;biomedical measurement;biomembranes;pressure sensors;automatic wearable fall detector;barometric pressure sensor;benchtop test;daily living activities;external pressure;fall detection approach;internal pressure;low-power operation;mathematical model;semipermeable membrane;Acceleration;Batteries;Detection algorithms;Detectors;Mathematical model;Pressure measurement;Sea measurements},
doi={10.1109/EMBC.2016.7591120},
ISSN={1557-170X},
month={Aug},
}

@article {P17,
	Title = {Multi-sensor calibration of low-cost magnetic, angular rate and gravity systems},
	Author = {Lüken, Markus and Misgeld, Berno J E and RÃŒschen, Daniel and Leonhardt, Steffen},
	DOI = {10.3390/s151025919},
	Number = {10},
	Volume = {15},
	Year = {2015},
	Journal = {Sensors (Basel, Switzerland)},
	ISSN = {1424-8220},
	Pages = {25919â25936},
	URL = {http://europepmc.org/articles/PMC4634514},
}

@book{mocap_def,
  title={Understanding motion capture for computer animation and video games},
  author={Menache, Alberto},
  year={2000},
  publisher={Morgan kaufmann}
}

@INPROCEEDINGS{P16,
author={B. J. E. Misgeld and D. Rüschen and S. Kim and S. Leonhardt},
booktitle={2013 IEEE 13th International Conference on Rehabilitation Robotics (ICORR)},
title={Body sensor network-based strapdown orientation estimation: Application to human locomotion},
year={2013},
volume={},
number={},
pages={1-6},
keywords={Kalman filters;accelerometers;attitude measurement;body sensor networks;control system synthesis;gait analysis;inertial navigation;magnetic sensors;magnetometers;motion estimation;object tracking;patient rehabilitation;variable structure systems;EKF;QUEST;accelerometer;attitude data preprocessing;bias insensitive tracking;body sensor network;complementary sliding mode observer design;complexity reduction;extended Kalman filter;human gait;human limb;human locomotion;inertial sensor;integrated triaxial gyrometer;magnetic sensor;magnetometer measurement;motion tracking system;quaternion based estimation algorithm;robotic segment orientation;rotation representation;strapdown orientation estimation;strapdown orientation tracking;Kalman filters;Magnetic sensors;Mathematical model;Observers;Quaternions;Vectors;0},
doi={10.1109/ICORR.2013.6650480},
ISSN={1945-7898},
month={June},}

@ARTICLE{P18,
author={B. J. E. Misgeld and M. Lüken and D. Heitzmann and S. I. Wolf and S. Leonhardt},
journal={IEEE Journal of Biomedical and Health Informatics},
title={Body-Sensor-Network-Based Spasticity Detection},
year={2016},
volume={20},
number={3},
pages={748-755},
keywords={body sensor networks;electromyography;gait analysis;medical disorders;medical signal processing;Blackman window;EMG signals;Integrated Posture and Activity Network by Medit Aachen body sensor network;antagonistic muscle group coactivation;body-sensor-network-based spasticity detection;body-worn sensors;clinical gait data;coactivation index;cross-correlation function;electromyography sensor node;exaggerated stretch reflex;human locomotion;joint rigidity;rehabilitative motor training;rehabilitative therapy;robotic sensorimotor therapy;signal equivalent energy;skeletal muscle;unilateral cerebral palsy;Electromyography;Informatics;Legged locomotion;Medical treatment;Muscles;Robot sensing systems;EMG;Electromyography (EMG);neurological diagnostics;signal processing;spasticity},
doi={10.1109/JBHI.2015.2477245},
ISSN={2168-2194},
month={May},}

@Misc{ART,
  Title                    = {Oqus},

  Author                   = {{Qualisys}},
  HowPublished             = {\url{https://ar-tracking.com/products/markers-targets/markers/}},
  Year                     = {Zuletzt besucht am 10.02.2018}
}

@article{PK1,
author = {Alexandra S Pollock and Brian R Durward and Philip J Rowe and John P Paul},
title ={What is balance?},
journal = {Clinical Rehabilitation},
volume = {14},
number = {4},
pages = {402-406},
year = {2000},
doi = {10.1191/0269215500cr342oa},
note ={PMID: 10945424},
URL = {https://doi.org/10.1191/0269215500cr342oa},
eprint = {https://doi.org/10.1191/0269215500cr342oa},
abstract = { Balance is a term frequently used by health professionals working in a wide variety of clinical specialities. There is no universally accepted definition of human balance, or related terms. This article identifies mechanical definitions of balance and introduces clinical definitions of balance and postural control. Postural control is defined as the act of maintaining, achieving or restoring a state of balance during any posture or activity. Postural control strategies may be either predictive or reactive, and may involve either a fixed-support or a change-in-support response. Clinical tests of balance assess different components of balance ability. Health professionals should select clinical assessments based on a sound knowledge and understanding of the classification of balance and postural control strategies. }
}

@ARTICLE{P26,
author={Y. Qi and C. B. Soh and E. Gunawan and K. S. Low},
journal={IEEE Journal of Biomedical and Health Informatics},
title={Ambulatory Measurement of Three-Dimensional Foot Displacement During Treadmill Walking Using Wearable Wireless Ultrasonic Sensor Network},
year={2015},
volume={19},
number={2},
pages={446-452},
keywords={biomedical equipment;body sensor networks;displacement measurement;gait analysis;image sensors;mean square error methods;motion measurement;patient monitoring;patient rehabilitation;synchronisation;ultrasonic devices;3D displacement;3D foot trajectory measurements;RF module;TOA-based tracking technique;ambulatory measurement;anchor position;athletic performance analysis;camera-based motion capture system;camera-based tracking system;fixed known positions;gait analysis;human motion monitoring;lightweight feature;mobile resides;net root-mean-square error;radiofrequency module;receivers;rehabilitation;signal travels;synchronization clock;three-dimensional foot displacement;time-of-arrival;treadmill walking;ultrasonic signal;ultrasonic transmitter;wearable wireless ultrasonic sensor network;wireless data transmission;Acoustics;Biomedical measurement;Cameras;Foot;Mobile communication;Tracking;Ultrasonic variables measurement;Foot clearance;rehabilitation;ultrasound;walking assessment;wearable sensor;wireless sensor network;0},
doi={10.1109/JBHI.2014.2316998},
ISSN={2168-2194},
month={March},}

@Misc{oqus,
  Title                    = {Oqus},

  Author                   = {{Qualisys}},
  HowPublished             = {\url{https://www.qualisys.com/cameras/oqus/}},
  Year                     = {Zuletzt besucht am 16.02.2018}
}

@Misc{qualsys_act,
  Title                    = {Short Range Active Markers},

  Author                   = {{Qualisys}},
  HowPublished             = {\url{https://www.qualisys.com/accessories/active-markers/short-range-active-marker/}},
  Year                     = {Zuletzt besucht am 10.02.2018}
}

@article{P5,
  title={A stochastic approach to noise modeling for barometric altimeters},
  author={Sabatini, Angelo Maria and Genovese, Vincenzo},
  journal={Sensors},
  volume={13},
  number={11},
  pages={15692--15707},
  year={2013},
  publisher={Multidisciplinary Digital Publishing Institute}
}

@article{P10,
  title={A sensor fusion method for tracking vertical velocity and height based on inertial and barometric altimeter measurements},
  author={Sabatini, Angelo Maria and Genovese, Vincenzo},
  journal={Sensors},
  volume={14},
  number={8},
  pages={13324--13347},
  year={2014},
  publisher={Multidisciplinary Digital Publishing Institute}
}

@INPROCEEDINGS{P13,
author={R. Salomon and M. Lüder and G. Bieber},
booktitle={2010 8th IEEE International Conference on Pervasive Computing and Communications Workshops (PERCOM Workshops)},
title={iFall - a new embedded system for the detection of unexpected falls},
year={2010},
volume={},
number={},
pages={286-291},
keywords={embedded systems;geriatrics;handicapped aids;sensors;airbag;elderly people;embedded system;emergency actions;iFall;sensors system;unexpected falls detection;Acceleration;Biomedical monitoring;Computer science;Embedded system;Hardware;Injuries;Senior citizens;Sensor systems;Wearable sensors;Wrist},
doi={10.1109/PERCOMW.2010.5470655},
ISSN={},
month={March},
}

@INPROCEEDINGS{P12,
author={K. Sagawa and T. Ishihara and A. Ina and H. Inooka},
booktitle={Industrial Electronics Society, 1998. IECON '98. Proceedings of the 24th Annual Conference of the IEEE},
title={Classification of human moving patterns using air pressure and acceleration},
year={1998},
volume={2},
number={},
pages={1214-1219 vol.2},
keywords={acceleration measurement;pressure measurement;sensors;acceleration sensor;air pressure sensor;foot-to-head acceleration;human moving patterns classification;jogging;normal walking;vertical movement;walking;walking patterns;Acceleration;Electrocardiography;Elevators;Floors;Humans;Legged locomotion;Low pass filters;Pressure measurement;Temperature sensors;Voltage},
doi={10.1109/IECON.1998.724274},
ISSN={},
month={Aug},
}

@INPROCEEDINGS{P2,
author={M. C. Stevens and W. Lu and C. Wang and S. J. Redmond and N. H. Lovell},
booktitle={2016 38th Annual International Conference of the IEEE Engineering in Medicine and Biology Society (EMBC)},
title={A Kalman filter to estimate altitude change during a fall},
year={2016},
volume={},
number={},
pages={5889-5892},
keywords={Kalman filters;barometers;height measurement;medical signal detection;Kalman filter;altitude change estimation;barometer;fall detection;Accelerometers;Delays;Detectors;Kalman filters;Noise measurement;Pressure measurement;Switches},
doi={10.1109/EMBC.2016.7592068},
ISSN={1557-170X},
month={Aug},
}

@article{P15,
	title = "Multi-sensor optimal information fusion Kalman filter",
	journal = "Automatica",
	volume = "40",
	number = "6",
	pages = "1017 - 1023",
	year = "2004",
	issn = "0005-1098",
	doi = "https://doi.org/10.1016/j.automatica.2004.01.014",
	url = "http://www.sciencedirect.com/science/article/pii/S0005109804000287",
	author = "Shu-Li Sun and Zi-Li Deng",
	keywords = "Multisensor, Information fusion, Linear minimum variance, Maximum likelihood, 		Optimal information fusion Kalman filter, Fault tolerance, Radar tracking system"
}

@INPROCEEDINGS{P6,
author={K. A. Tahboub},
booktitle={2016 21st International Conference on Methods and Models in Automation and Robotics (MMAR)},
title={A control-theoretic approach for human postural control modeling},
year={2016},
volume={},
number={},
pages={756-761},
keywords={MIMO systems;active disturbance rejection control;cascade control;feedback;modelling;pose estimation;three-term control;PID-cascade postural control schemes;control-theoretic approach;disturbance rejection control method;external disturbance effects;human postural control modeling;hybrid cascade-feedback scheme;multi-input-multi-output scenarios;robust tracking;state-space tools;uncontrolled upright posture inherent instability;voluntary motion;Acceleration;Damping;Delays;Muscles;Process control;Sensors;Torque;PID control;Posture control;cascade and feedback compensation;disturbance rejection;voluntary motion},
doi={10.1109/MMAR.2016.7575231},
ISSN={},
month={Aug},
}

@book{mocap,
  title={The Mocap Book: A Practical Guide to the Art of Motion Capture},
  author={Tobon, Ricardo},
  year={2010},
  publisher={Foris Force}
}

@INPROCEEDINGS{P11,
	author={M. Tolkiehn and L. Atallah and B. Lo and G. Z. Yang},
	booktitle={2011 Annual International Conference of the IEEE Engineering in Medicine and Biology 	Society},
	title={Direction sensitive fall detection using a triaxial accelerometer and a barometric pressure 		sensor},
	year={2011},
	volume={},
	number={},
	pages={369-372},
	keywords={Accelerometers;Accuracy;Body sensor networks;Conferences;Feature 		extraction;Injuries;Senior citizens;Acceleration;Accidental Falls;Actigraphy;Equipment Design;Equipment Failure Analysis;Humans;Monitoring, Ambulatory;Movement;Reproducibility of Results;Sensitivity and Specificity;Transducers, Pressure},
	doi={10.1109/IEMBS.2011.6090120},
	ISSN={1094-687X},
	month={Aug},
}


@article{PK2,
	Author = {Turbanski,Stephan and Schmidtbleicher,Ditmar},
	Da = {23.09.2010},
	Date = {2010///},
	Doi = {10.1055/s-0030-1267402},
	Isbn = {0932-0555},
	Journal = {Sportverletzung Sportschaden},
	La = {DE},
	M2 = {123},
	Number = {03},
	Pages = {123-128},
	Title = {Posturale Kontrolle als situationsabh{\"a}ngige Fertigkeit},
	Ty = {JOUR},
	Volume = {24},
	Year = {2010},
	Bdsk-Url-1 = {http://dx.doi.org/10.1055/s-0030-1267402}}


@INPROCEEDINGS{P1,
author={E. A. Wan and R. Van Der Merwe},
booktitle={Proceedings of the IEEE 2000 Adaptive Systems for Signal Processing, Communications, and Control Symposium (Cat. No.00EX373)},
title={The unscented Kalman filter for nonlinear estimation},
year={2000},
volume={},
number={},
pages={153-158},
keywords={adaptive Kalman filters;computational complexity;covariance analysis;filtering theory;learning (artificial intelligence);nonlinear estimation;nonlinear systems;parameter estimation;state estimation;Gaussian random variable;computational complexity;covariance;deterministic sampling approach;dual estimation problems;extended Kalman filter;machine learning;neural networks training;nonlinear control;nonlinear estimation;nonlinear system;nonlinear system identification;posterior mean;sample points;state distribution;state-estimation;system dynamics;unscented Kalman filter;Computational complexity;Filters;Machine learning;Neural networks;Nonlinear dynamical systems;Nonlinear systems;Performance gain;Random variables;Sampling methods;Taylor series},
doi={10.1109/ASSPCC.2000.882463},
ISSN={},
month={},
}

@INPROCEEDINGS{P8,
author={C. Wang and M. R. Narayanan and S. R. Lord and S. J. Redmond and N. H. Lovell},
booktitle={2014 36th Annual International Conference of the IEEE Engineering in Medicine and Biology Society},
title={A low-power fall detection algorithm based on triaxial acceleration and barometric pressure},
year={2014},
volume={},
number={},
pages={570-573},
keywords={accelerometers;atmospheric pressure;mechanoception;patient diagnosis;sensors;barometric pressure signals;controller;data transmission;low-power fall detection algorithm;power consumption reduction;sensors;triaxial accelerometry;Acceleration;Accelerometers;Algorithm design and analysis;Data communication;Detection algorithms;Power demand;Sensors},
doi={10.1109/EMBC.2014.6943655},
ISSN={1094-687X},
month={Aug},
}

@ARTICLE{P31,
author={G. Welch and E. Foxlin},
journal={IEEE Computer Graphics and Applications},
title={Motion tracking: no silver bullet, but a respectable arsenal},
year={2002},
volume={22},
number={6},
pages={24-38},
keywords={computer graphics;image motion analysis;optical tracking;computer graphics;motion tracking;Degradation;Delay;Magnetic fields;Motion estimation;Motion measurement;Pipelines;Roads;Robustness;Silver;Tracking},
doi={10.1109/MCG.2002.1046626},
ISSN={0272-1716},
month={Nov},}

@ARTICLE{P19,
author={H. Ying and M. Schlösser and A. Schnitzer and T. Schäfer and M. E. Schläfke and S. Leonhardt and M. Schiek},
journal={IEEE Transactions on Information Technology in Biomedicine},
title={Distributed Intelligent Sensor Network for the Rehabilitation of Parkinson #x0027;s Patients},
year={2011},
volume={15},
number={2},
pages={268-276},
keywords={diseases;intelligent sensors;microcontrollers;patient rehabilitation;plethysmography;pneumodynamics;wireless sensor networks;Parkinson's disease;biofeedback protocol;distributed intelligent sensor network;force sensing resistor;iNODE;locomotion;microcontroller;patient rehabilitation;plethysmography;respiration;wireless communicating network;Data acquisition;Information technology;Monitoring;Protocols;Real time systems;Signal processing;Wireless communication;Body sensor network (BSN);Parkinson’s disease (PD);coordination;locomotion;respiration;step detection;Adult;Aged;Aged, 80 and over;Artificial Intelligence;Female;Humans;Male;Middle Aged;Monitoring, Ambulatory;Parkinson Disease;Pattern Recognition, Automated;Plethysmography;Signal Processing, Computer-Assisted;Telemetry},
doi={10.1109/TITB.2010.2095463},
ISSN={1089-7771},
month={March},
}

@ARTICLE{P20,
author={X. Yun and E. R. Bachmann},
journal={IEEE Transactions on Robotics},
title={Design, Implementation, and Experimental Results of a Quaternion-Based Kalman Filter for Human Body Motion Tracking},
year={2006},
volume={22},
number={6},
pages={1216-1227},
keywords={Kalman filters;accelerometers;image motion analysis;image segmentation;magnetic sensors;magnetometers;Quest algorithm;accelerometers;filter design;human body motion tracking;human-computer interaction applications;inertial sensor module;linear measurement equations;magnetic sensor module;magnetometers;quaternion input;quaternion-based Kalman filter;real-time human limb segment orientation estimation;state vector;synthetic environments;triaxial angular rate sensors;Accelerometers;Data preprocessing;Filters;Human robot interaction;Magnetic sensors;Magnetic separation;Magnetometers;Quaternions;Robot sensing systems;Tracking;Inertial sensors;Kalman filtering;magnetic sensors;motion measurement;orientation tracking;pose estimation;quaternions;virtual reality},
doi={10.1109/TRO.2006.886270},
ISSN={1552-3098},
month={Dec},
}

@INPROCEEDINGS{P14,
author={M. Zhang and A. Vydhyanathan and A. Young and H. Luinge},
booktitle={Proceedings of the 2012 IEEE/ION Position, Location and Navigation Symposium},
title={Robust height tracking by proper accounting of nonlinearities in an integrated UWB/MEMS-based-IMU/baro system},
year={2012},
volume={},
number={},
pages={414-421},
keywords={Kalman filters;barometers;inertial navigation;micromechanical devices;nonlinear filters;series (mathematics);ultra wideband communication;EKF;barometer;inertial navigation system;integrated UWB/MEMS-based-IMU/baro system;integrated tracking system;nonlinearities accounting;nonlinearity problem;robust height tracking;second order Taylor series approximation;tracking estimates;ultra wideband radio;vertical channel;Noise;Noise measurement;Sea measurements},
doi={10.1109/PLANS.2012.6236910},
ISSN={2153-358X},
month={April},
}

@book{optsys1,
  author = {Zhuang, Yueting and Pan, Yunhe and Xiao, Jun},
  title = {A Modern Approach to Intelligent Animation: Theory and Practice},
  year = {2008},
  isbn = {3540737596, 9783540737599},
  edition = {1},
  publisher = {Springer Publishing Company, Incorporated}
}
